{
    "Symbol": "ALRS",
    "AssetType": "Common Stock",
    "Name": "Alerus Financial Corporation",
    "Description": "Alerus Financial Corporation, through its subsidiary, Alerus Financial, National Association, provides various financial services to businesses and consumers. The company is headquartered in Grand Forks, North Dakota.",
    "CIK": "903419",
    "Exchange": "NASDAQ",
    "Currency": "USD",
    "Country": "USA",
    "Sector": "FINANCE",
    "Industry": "NATIONAL COMMERCIAL BANKS",
    "Address": "401 DEMERS AVE, GRAND FORKS, ND, US",
    "FiscalYearEnd": "December",
    "LatestQuarter": "2021-12-31",
    "MarketCapitalization": "511374000",
    "EBITDA": "None",
    "PERatio": "9.9",
    "PEGRatio": "0.25612837257",
    "BookValue": "20.88",
    "DividendPerShare": "0.63",
    "DividendYield": "0.0222",
    "EPS": "2.97",
    "RevenuePerShareTTM": "13.85",
    "ProfitMargin": "0.221",
    "OperatingMarginTTM": "0.309",
    "ReturnOnAssetsTTM": "0.0164",
    "ReturnOnEquityTTM": "0.153",
    "RevenueTTM": "237986000",
    "GrossProfitTTM": "237986000",
    "DilutedEPSTTM": "2.97",
    "QuarterlyEarningsGrowthYOY": "0.224",
    "QuarterlyRevenueGrowthYOY": "-0.04",
    "AnalystTargetPrice": "32.5",
    "TrailingPE": "9.9",
    "ForwardPE": "-",
    "PriceToSalesRatioTTM": "2.149",
    "PriceToBookRatio": "1.389",
    "EVToRevenue": "-",
    "EVToEBITDA": "-",
    "Beta": "0.73",
    "52WeekHigh": "37.89",
    "52WeekLow": "25.51",
    "50DayMovingAverage": "28.91",
    "200DayMovingAverage": "30.01",
    "SharesOutstanding": "17212600",
    "DividendDate": "2022-04-08",
    "ExDividendDate": "2022-03-17"
}

BALANCE_SHEET

{
    "symbol": "ALRS",
    "annualReports": [
        {
            "fiscalDateEnding": "2021-12-31",
            "reportedCurrency": "USD",
            "totalAssets": "3392691000",
            "totalCurrentAssets": "288801000",
            "cashAndCashEquivalentsAtCarryingValue": "242311000",
            "cashAndShortTermInvestments": "242311000",
            "inventory": "885000",
            "currentNetReceivables": "None",
            "totalNonCurrentAssets": "67168000",
            "propertyPlantEquipment": "22097000",
            "accumulatedDepreciationAmortizationPPE": "None",
            "intangibleAssets": "51740000",
            "intangibleAssetsExcludingGoodwill": "20250000",
            "goodwill": "31490000",
            "investments": "3319173000",
            "longTermInvestments": "1205710000",
            "shortTermInvestments": "853649000",
            "otherCurrentAssets": "1006767000",
            "otherNonCurrrentAssets": "-1246210000",
            "totalLiabilities": "3033288000",
            "totalCurrentLiabilities": "2970080000",
            "currentAccountsPayable": "None",
            "deferredRevenue": "None",
            "currentDebt": "None",
            "shortTermDebt": "None",
            "totalNonCurrentLiabilities": "63208000",
            "capitalLeaseObligations": "4275000",
            "longTermDebt": "58933000",
            "currentLongTermDebt": "None",
            "longTermDebtNoncurrent": "None",
            "shortLongTermDebtTotal": "58933000",
            "otherCurrentLiabilities": "2920551000",
            "otherNonCurrentLiabilities": "4275000",
            "totalShareholderEquity": "359403000",
            "treasuryStock": "None",
            "retainedEarnings": "253567000",
            "commonStock": "17213000",
            "commonStockSharesOutstanding": "17212588"
        },
        {
            "fiscalDateEnding": "2020-12-31",
            "reportedCurrency": "USD",
            "totalAssets": "3013771000",
            "totalCurrentAssets": "295402000",
            "cashAndCashEquivalentsAtCarryingValue": "172962000",
            "cashAndShortTermInvestments": "172962000",
            "inventory": "63000",
            "currentNetReceivables": "None",
            "totalNonCurrentAssets": "92937000",
            "propertyPlantEquipment": "20289000",
            "accumulatedDepreciationAmortizationPPE": "45899000",
            "intangibleAssets": "56120000",
            "intangibleAssetsExcludingGoodwill": "25919000",
            "goodwill": "30201000",
            "investments": "2585490000",
            "longTermInvestments": "2659911000",
            "shortTermInvestments": "592342000",
            "otherCurrentAssets": "1546996000",
            "otherNonCurrrentAssets": "-621550000",
            "totalLiabilities": "2683608000",
            "totalCurrentLiabilities": "9409000",
            "currentAccountsPayable": "None",
            "deferredRevenue": "None",
            "currentDebt": "None",
            "shortTermDebt": "None",
            "totalNonCurrentLiabilities": "66596000",
            "capitalLeaseObligations": "7861000",
            "longTermDebt": "58735000",
            "currentLongTermDebt": "None",
            "longTermDebtNoncurrent": "None",
            "shortLongTermDebtTotal": "58735000",
            "otherCurrentLiabilities": "9409000",
            "otherNonCurrentLiabilities": "7861000",
            "totalShareholderEquity": "330163000",
            "treasuryStock": "None",
            "retainedEarnings": "212163000",
            "commonStock": "17125000",
            "commonStockSharesOutstanding": "17125270"
        },
        {
            "fiscalDateEnding": "2019-12-31",
            "reportedCurrency": "USD",
            "totalAssets": "2356878000",
            "totalCurrentAssets": "193660000",
            "cashAndCashEquivalentsAtCarryingValue": "144006000",
            "cashAndShortTermInvestments": "146814000",
            "inventory": "8000",
            "currentNetReceivables": "None",
            "totalNonCurrentAssets": "82901000",
            "propertyPlantEquipment": "20629000",
            "accumulatedDepreciationAmortizationPPE": "43507000",
            "intangibleAssets": "45720000",
            "intangibleAssetsExcludingGoodwill": "18391000",
            "goodwill": "27329000",
            "investments": "2034437000",
            "longTermInvestments": "313172000",
            "shortTermInvestments": "2808000",
            "otherCurrentAssets": "1490036000",
            "otherNonCurrrentAssets": "1647268000",
            "totalLiabilities": "2071150000",
            "totalCurrentLiabilities": "2013021000",
            "currentAccountsPayable": "None",
            "deferredRevenue": "None",
            "currentDebt": "0",
            "shortTermDebt": "0",
            "totalNonCurrentLiabilities": "67633000",
            "capitalLeaseObligations": "9504000",
            "longTermDebt": "58769000",
            "currentLongTermDebt": "None",
            "longTermDebtNoncurrent": "None",
            "shortLongTermDebtTotal": "58769000",
            "otherCurrentLiabilities": "2013021000",
            "otherNonCurrentLiabilities": "8864000",
            "totalShareholderEquity": "285728000",
            "treasuryStock": "None",
            "retainedEarnings": "178092000",
            "commonStock": "17050000",
            "commonStockSharesOutstanding": "17049551"
        },
        {
            "fiscalDateEnding": "2018-12-31",
            "reportedCurrency": "USD",
            "totalAssets": "2179070000",
            "totalCurrentAssets": "1847949000",
            "cashAndCashEquivalentsAtCarryingValue": "40651000",
            "cashAndShortTermInvestments": "40651000",
            "inventory": "204000",
            "currentNetReceivables": "None",
            "totalNonCurrentAssets": "331121000",
            "propertyPlantEquipment": "21743000",
            "accumulatedDepreciationAmortizationPPE": "41246000",
            "intangibleAssets": "49773000",
            "intangibleAssetsExcludingGoodwill": "22473000",
            "goodwill": "27300000",
            "investments": "None",
            "longTermInvestments": "254953000",
            "shortTermInvestments": "250174000",
            "otherCurrentAssets": "1535376000",
            "otherNonCurrrentAssets": "-254953000",
            "totalLiabilities": "1982116000",
            "totalCurrentLiabilities": "1922660000",
            "currentAccountsPayable": "None",
            "deferredRevenue": "None",
            "currentDebt": "None",
            "shortTermDebt": "93460000",
            "totalNonCurrentLiabilities": "58824000",
            "capitalLeaseObligations": "870000",
            "longTermDebt": "58824000",
            "currentLongTermDebt": "None",
            "longTermDebtNoncurrent": "None",
            "shortLongTermDebtTotal": "152284000",
            "otherCurrentLiabilities": "24197000",
            "otherNonCurrentLiabilities": "None",
            "totalShareholderEquity": "162460000",
            "treasuryStock": "None",
            "retainedEarnings": "159037000",
            "commonStock": "13775000",
            "commonStockSharesOutstanding": "13775327"
        },
        {
            "fiscalDateEnding": "2017-12-31",
            "reportedCurrency": "USD",
            "totalAssets": "2136081000",
            "totalCurrentAssets": "2056703000",
            "cashAndCashEquivalentsAtCarryingValue": "121998000",
            "cashAndShortTermInvestments": "121998000",
            "inventory": "446000",
            "currentNetReceivables": "None",
            "totalNonCurrentAssets": "80355000",
            "propertyPlantEquipment": "21229000",
            "accumulatedDepreciationAmortizationPPE": "None",
            "intangibleAssets": "31797000",
            "intangibleAssetsExcludingGoodwill": "31797000",
            "goodwill": "27329000",
            "investments": "None",
            "longTermInvestments": "274801000",
            "shortTermInvestments": "272466000",
            "otherCurrentAssets": "1635637000",
            "otherNonCurrrentAssets": "-274801000",
            "totalLiabilities": "1956487000",
            "totalCurrentLiabilities": "1894240000",
            "currentAccountsPayable": "None",
            "deferredRevenue": "None",
            "currentDebt": "None",
            "shortTermDebt": "30000000",
            "totalNonCurrentLiabilities": "None",
            "capitalLeaseObligations": "1041000",
            "longTermDebt": "57778000",
            "currentLongTermDebt": "30000000",
            "longTermDebtNoncurrent": "None",
            "shortLongTermDebtTotal": "87778000",
            "otherCurrentLiabilities": "None",
            "otherNonCurrentLiabilities": "None",
            "totalShareholderEquity": "148103000",
            "treasuryStock": "None",
            "retainedEarnings": "141963000",
            "commonStock": "13699000",
            "commonStockSharesOutstanding": "14007000"
        }
    ],
    "quarterlyReports": [
        {
            "fiscalDateEnding": "2021-12-31",
            "reportedCurrency": "USD",
            "totalAssets": "3392691000",
            "totalCurrentAssets": "288801000",
            "cashAndCashEquivalentsAtCarryingValue": "242311000",
            "cashAndShortTermInvestments": "242311000",
            "inventory": "885000",
            "currentNetReceivables": "None",
            "totalNonCurrentAssets": "67168000",
            "propertyPlantEquipment": "22097000",
            "accumulatedDepreciationAmortizationPPE": "None",
            "intangibleAssets": "51740000",
            "intangibleAssetsExcludingGoodwill": "20250000",
            "goodwill": "31490000",
            "investments": "3319173000",
            "longTermInvestments": "1205710000",
            "shortTermInvestments": "853649000",
            "otherCurrentAssets": "-853649000",
            "otherNonCurrrentAssets": "-1246210000",
            "totalLiabilities": "3033288000",
            "totalCurrentLiabilities": "2970080000",
            "currentAccountsPayable": "None",
            "deferredRevenue": "None",
            "currentDebt": "None",
            "shortTermDebt": "None",
            "totalNonCurrentLiabilities": "63208000",
            "capitalLeaseObligations": "4275000",
            "longTermDebt": "58933000",
            "currentLongTermDebt": "None",
            "longTermDebtNoncurrent": "None",
            "shortLongTermDebtTotal": "58933000",
            "otherCurrentLiabilities": "2920551000",
            "otherNonCurrentLiabilities": "4275000",
            "totalShareholderEquity": "359403000",
            "treasuryStock": "None",
            "retainedEarnings": "253567000",
            "commonStock": "17213000",
            "commonStockSharesOutstanding": "17212588"
        },
        {
            "fiscalDateEnding": "2021-09-30",
            "reportedCurrency": "USD",
            "totalAssets": "3175169000",
            "totalCurrentAssets": "220366000",
            "cashAndCashEquivalentsAtCarryingValue": "159454000",
            "cashAndShortTermInvestments": "159454000",
            "inventory": "862000",
            "currentNetReceivables": "None",
            "totalNonCurrentAssets": "86743000",
            "propertyPlantEquipment": "18403000",
            "accumulatedDepreciationAmortizationPPE": "None",
            "intangibleAssets": "52794000",
            "intangibleAssetsExcludingGoodwill": "22593000",
            "goodwill": "30201000",
            "investments": "4610129000",
            "longTermInvestments": "2847100000",
            "shortTermInvestments": "655282000",
            "otherCurrentAssets": "1256935000",
            "otherNonCurrrentAssets": "76973000",
            "totalLiabilities": "2821974000",
            "totalCurrentLiabilities": "2758583000",
            "currentAccountsPayable": "None",
            "deferredRevenue": "None",
            "currentDebt": "None",
            "shortTermDebt": "None",
            "totalNonCurrentLiabilities": "63391000",
            "capitalLeaseObligations": "4428000",
            "longTermDebt": "58963000",
            "currentLongTermDebt": "None",
            "longTermDebtNoncurrent": "None",
            "shortLongTermDebtTotal": "58963000",
            "otherCurrentLiabilities": "2713088000",
            "otherNonCurrentLiabilities": "4428000",
            "totalShareholderEquity": "353195000",
            "treasuryStock": "None",
            "retainedEarnings": "243638000",
            "commonStock": "17208000",
            "commonStockSharesOutstanding": "17208077"
        },
        {
            "fiscalDateEnding": "2021-06-30",
            "reportedCurrency": "USD",
            "totalAssets": "3157229000",
            "totalCurrentAssets": "382286000",
            "cashAndCashEquivalentsAtCarryingValue": "315430000",
            "cashAndShortTermInvestments": "315430000",
            "inventory": "858000",
            "currentNetReceivables": "None",
            "totalNonCurrentAssets": "88597000",
            "propertyPlantEquipment": "18847000",
            "accumulatedDepreciationAmortizationPPE": "None",
            "intangibleAssets": "53881000",
            "intangibleAssetsExcludingGoodwill": "23680000",
            "goodwill": "30201000",
            "investments": "4459259000",
            "longTermInvestments": "797862000",
            "shortTermInvestments": "651546000",
            "otherCurrentAssets": "1305033000",
            "otherNonCurrrentAssets": "-876757000",
            "totalLiabilities": "2812838000",
            "totalCurrentLiabilities": "2748978000",
            "currentAccountsPayable": "None",
            "deferredRevenue": "None",
            "currentDebt": "None",
            "shortTermDebt": "None",
            "totalNonCurrentLiabilities": "63860000",
            "capitalLeaseObligations": "4868000",
            "longTermDebt": "58992000",
            "currentLongTermDebt": "None",
            "longTermDebtNoncurrent": "None",
            "shortLongTermDebtTotal": "58992000",
            "otherCurrentLiabilities": "2710940000",
            "otherNonCurrentLiabilities": "4868000",
            "totalShareholderEquity": "344391000",
            "treasuryStock": "None",
            "retainedEarnings": "233397000",
            "commonStock": "17198000",
            "commonStockSharesOutstanding": "17197771"
        },
        {
            "fiscalDateEnding": "2021-03-31",
            "reportedCurrency": "USD",
            "totalAssets": "3151756000",
            "totalCurrentAssets": "268882000",
            "cashAndCashEquivalentsAtCarryingValue": "190217000",
            "cashAndShortTermInvestments": "190217000",
            "inventory": "139000",
            "currentNetReceivables": "None",
            "totalNonCurrentAssets": "94740000",
            "propertyPlantEquipment": "19605000",
            "accumulatedDepreciationAmortizationPPE": "None",
            "intangibleAssets": "54969000",
            "intangibleAssetsExcludingGoodwill": "24768000",
            "goodwill": "30201000",
            "investments": "4661100000",
            "longTermInvestments": "795097000",
            "shortTermInvestments": "795097000",
            "otherCurrentAssets": "1279255000",
            "otherNonCurrrentAssets": "-877916000",
            "totalLiabilities": "2822522000",
            "totalCurrentLiabilities": "9409000",
            "currentAccountsPayable": "None",
            "deferredRevenue": "None",
            "currentDebt": "None",
            "shortTermDebt": "None",
            "totalNonCurrentLiabilities": "66160000",
            "capitalLeaseObligations": "7140000",
            "longTermDebt": "59020000",
            "currentLongTermDebt": "None",
            "longTermDebtNoncurrent": "None",
            "shortLongTermDebtTotal": "59020000",
            "otherCurrentLiabilities": "2717573000",
            "otherNonCurrentLiabilities": "7140000",
            "totalShareholderEquity": "329234000",
            "treasuryStock": "None",
            "retainedEarnings": "224480000",
            "commonStock": "17190000",
            "commonStockSharesOutstanding": "17190481"
        },
        {
            "fiscalDateEnding": "2020-12-31",
            "reportedCurrency": "USD",
            "totalAssets": "3013771000",
            "totalCurrentAssets": "295402000",
            "cashAndCashEquivalentsAtCarryingValue": "172962000",
            "cashAndShortTermInvestments": "172962000",
            "inventory": "63000",
            "currentNetReceivables": "None",
            "totalNonCurrentAssets": "92937000",
            "propertyPlantEquipment": "20289000",
            "accumulatedDepreciationAmortizationPPE": "45899000",
            "intangibleAssets": "56120000",
            "intangibleAssetsExcludingGoodwill": "25919000",
            "goodwill": "30201000",
            "investments": "2585490000",
            "longTermInvestments": "2659911000",
            "shortTermInvestments": "592342000",
            "otherCurrentAssets": "-616143000",
            "otherNonCurrrentAssets": "-621550000",
            "totalLiabilities": "2683608000",
            "totalCurrentLiabilities": "9409000",
            "currentAccountsPayable": "None",
            "deferredRevenue": "None",
            "currentDebt": "None",
            "shortTermDebt": "None",
            "totalNonCurrentLiabilities": "58735000",
            "capitalLeaseObligations": "7861000",
            "longTermDebt": "58735000",
            "currentLongTermDebt": "None",
            "longTermDebtNoncurrent": "None",
            "shortLongTermDebtTotal": "58735000",
            "otherCurrentLiabilities": "9409000",
            "otherNonCurrentLiabilities": "7861000",
            "totalShareholderEquity": "330163000",
            "treasuryStock": "None",
            "retainedEarnings": "212163000",
            "commonStock": "17125000",
            "commonStockSharesOutstanding": "17125270"
        },
        {
            "fiscalDateEnding": "2020-09-30",
            "reportedCurrency": "USD",
            "totalAssets": "2898809000",
            "totalCurrentAssets": "207062000",
            "cashAndCashEquivalentsAtCarryingValue": "95751000",
            "cashAndShortTermInvestments": "95751000",
            "inventory": "10000",
            "currentNetReceivables": "None",
            "totalNonCurrentAssets": "80270000",
            "propertyPlantEquipment": "20493000",
            "accumulatedDepreciationAmortizationPPE": "None",
            "intangibleAssets": "42750000",
            "intangibleAssetsExcludingGoodwill": "15421000",
            "goodwill": "27329000",
            "investments": "2553833000",
            "longTermInvestments": "2633807000",
            "shortTermInvestments": "495414000",
            "otherCurrentAssets": "-504613000",
            "otherNonCurrrentAssets": "-526654000",
            "totalLiabilities": "2576806000",
            "totalCurrentLiabilities": "8628000",
            "currentAccountsPayable": "None",
            "deferredRevenue": "None",
            "currentDebt": "0",
            "shortTermDebt": "0",
            "totalNonCurrentLiabilities": "58745000",
            "capitalLeaseObligations": "9155000",
            "longTermDebt": "58745000",
            "currentLongTermDebt": "None",
            "longTermDebtNoncurrent": "None",
            "shortLongTermDebtTotal": "58745000",
            "otherCurrentLiabilities": "2462370000",
            "otherNonCurrentLiabilities": "8671000",
            "totalShareholderEquity": "322003000",
            "treasuryStock": "None",
            "retainedEarnings": "204581000",
            "commonStock": "17122000",
            "commonStockSharesOutstanding": "17121863"
        },
        {
            "fiscalDateEnding": "2020-06-30",
            "reportedCurrency": "USD",
            "totalAssets": "2875457000",
            "totalCurrentAssets": "312188000",
            "cashAndCashEquivalentsAtCarryingValue": "210437000",
            "cashAndShortTermInvestments": "210437000",
            "inventory": "26000",
            "currentNetReceivables": "None",
            "totalNonCurrentAssets": "82265000",
            "propertyPlantEquipment": "20709000",
            "accumulatedDepreciationAmortizationPPE": "None",
            "intangibleAssets": "43740000",
            "intangibleAssetsExcludingGoodwill": "16411000",
            "goodwill": "27329000",
            "investments": "2427924000",
            "longTermInvestments": "393727000",
            "shortTermInvestments": "393727000",
            "otherCurrentAssets": "109726000",
            "otherNonCurrrentAssets": "1793505000",
            "totalLiabilities": "2569725000",
            "totalCurrentLiabilities": "2511508000",
            "currentAccountsPayable": "None",
            "deferredRevenue": "None",
            "currentDebt": "0",
            "shortTermDebt": "0",
            "totalNonCurrentLiabilities": "58217000",
            "capitalLeaseObligations": "9791000",
            "longTermDebt": "58754000",
            "currentLongTermDebt": "None",
            "longTermDebtNoncurrent": "None",
            "shortLongTermDebtTotal": "58754000",
            "otherCurrentLiabilities": "2453153000",
            "otherNonCurrentLiabilities": "9254000",
            "totalShareholderEquity": "305732000",
            "treasuryStock": "None",
            "retainedEarnings": "189528000",
            "commonStock": "17120000",
            "commonStockSharesOutstanding": "17120466"
        },
        {
            "fiscalDateEnding": "2020-03-31",
            "reportedCurrency": "USD",
            "totalAssets": "2512078000",
            "totalCurrentAssets": "270747000",
            "cashAndCashEquivalentsAtCarryingValue": "198489000",
            "cashAndShortTermInvestments": "198489000",
            "inventory": "209000",
            "currentNetReceivables": "None",
            "totalNonCurrentAssets": "79541000",
            "propertyPlantEquipment": "20372000",
            "accumulatedDepreciationAmortizationPPE": "None",
            "intangibleAssets": "44730000",
            "intangibleAssetsExcludingGoodwill": "17401000",
            "goodwill": "27329000",
            "investments": "2112426000",
            "longTermInvestments": "354149000",
            "shortTermInvestments": "354149000",
            "otherCurrentAssets": "79683000",
            "otherNonCurrrentAssets": "1521522000",
            "totalLiabilities": "2218470000",
            "totalCurrentLiabilities": "2160297000",
            "currentAccountsPayable": "None",
            "deferredRevenue": "None",
            "currentDebt": "0",
            "shortTermDebt": "0",
            "totalNonCurrentLiabilities": "58173000",
            "capitalLeaseObligations": "9069000",
            "longTermDebt": "58762000",
            "currentLongTermDebt": "None",
            "longTermDebtNoncurrent": "None",
            "shortLongTermDebtTotal": "58762000",
            "otherCurrentLiabilities": "2121514000",
            "otherNonCurrentLiabilities": "8480000",
            "totalShareholderEquity": "293608000",
            "treasuryStock": "None",
            "retainedEarnings": "180650000",
            "commonStock": "17106000",
            "commonStockSharesOutstanding": "17105668"
        },
        {
            "fiscalDateEnding": "2019-12-31",
            "reportedCurrency": "USD",
            "totalAssets": "2356878000",
            "totalCurrentAssets": "193660000",
            "cashAndCashEquivalentsAtCarryingValue": "144006000",
            "cashAndShortTermInvestments": "146814000",
            "inventory": "8000",
            "currentNetReceivables": "None",
            "totalNonCurrentAssets": "82901000",
            "propertyPlantEquipment": "20629000",
            "accumulatedDepreciationAmortizationPPE": "43507000",
            "intangibleAssets": "45720000",
            "intangibleAssetsExcludingGoodwill": "18391000",
            "goodwill": "27329000",
            "investments": "2034437000",
            "longTermInvestments": "313172000",
            "shortTermInvestments": "2808000",
            "otherCurrentAssets": "177597000",
            "otherNonCurrrentAssets": "1647268000",
            "totalLiabilities": "2071150000",
            "totalCurrentLiabilities": "2013021000",
            "currentAccountsPayable": "None",
            "deferredRevenue": "None",
            "currentDebt": "0",
            "shortTermDebt": "0",
            "totalNonCurrentLiabilities": "58129000",
            "capitalLeaseObligations": "9504000",
            "longTermDebt": "58769000",
            "currentLongTermDebt": "None",
            "longTermDebtNoncurrent": "None",
            "shortLongTermDebtTotal": "58769000",
            "otherCurrentLiabilities": "1971316000",
            "otherNonCurrentLiabilities": "8864000",
            "totalShareholderEquity": "285728000",
            "treasuryStock": "None",
            "retainedEarnings": "178092000",
            "commonStock": "17050000",
            "commonStockSharesOutstanding": "17049551"
        },
        {
            "fiscalDateEnding": "2019-09-30",
            "reportedCurrency": "USD",
            "totalAssets": "2228311000",
            "totalCurrentAssets": "129870000",
            "cashAndCashEquivalentsAtCarryingValue": "61174000",
            "cashAndShortTermInvestments": "63849000",
            "inventory": "84000",
            "currentNetReceivables": "None",
            "totalNonCurrentAssets": "84780000",
            "propertyPlantEquipment": "21150000",
            "accumulatedDepreciationAmortizationPPE": "None",
            "intangibleAssets": "46711000",
            "intangibleAssetsExcludingGoodwill": "19382000",
            "goodwill": "27329000",
            "investments": "1967478000",
            "longTermInvestments": "281391000",
            "shortTermInvestments": "2675000",
            "otherCurrentAssets": "98433000",
            "otherNonCurrrentAssets": "-281391000",
            "totalLiabilities": "1946908000",
            "totalCurrentLiabilities": "1877752000",
            "currentAccountsPayable": "None",
            "deferredRevenue": "None",
            "currentDebt": "0",
            "shortTermDebt": "0",
            "totalNonCurrentLiabilities": "None",
            "capitalLeaseObligations": "10091000",
            "longTermDebt": "58775000",
            "currentLongTermDebt": "None",
            "longTermDebtNoncurrent": "None",
            "shortLongTermDebtTotal": "58775000",
            "otherCurrentLiabilities": "None",
            "otherNonCurrentLiabilities": "None",
            "totalShareholderEquity": "281403000",
            "treasuryStock": "None",
            "retainedEarnings": "173039000",
            "commonStock": "17049000",
            "commonStockSharesOutstanding": "17049493"
        }
    ]
}

CASH_FLOW

{
    "symbol": "ALRS",
    "annualReports": [
        {
            "fiscalDateEnding": "2021-12-31",
            "reportedCurrency": "USD",
            "operatingCashflow": "149116000",
            "paymentsForOperatingActivities": "6301000",
            "proceedsFromOperatingActivities": "None",
            "changeInOperatingLiabilities": "None",
            "changeInOperatingAssets": "-117107000",
            "depreciationDepletionAndAmortization": "8096000",
            "capitalExpenditures": "1706000",
            "changeInReceivables": "-1125000",
            "changeInInventory": "None",
            "profitLoss": "52681000",
            "cashflowFromInvestment": "-416942000",
            "cashflowFromFinancing": "337175000",
            "proceedsFromRepaymentsOfShortTermDebt": "None",
            "paymentsForRepurchaseOfCommonStock": "712000",
            "paymentsForRepurchaseOfEquity": "712000",
            "paymentsForRepurchaseOfPreferredStock": "None",
            "dividendPayout": "10751000",
            "dividendPayoutCommonStock": "10751000",
            "dividendPayoutPreferredStock": "None",
            "proceedsFromIssuanceOfCommonStock": "None",
            "proceedsFromIssuanceOfLongTermDebtAndCapitalSecuritiesNet": "50132000",
            "proceedsFromIssuanceOfPreferredStock": "None",
            "proceedsFromRepurchaseOfEquity": "-712000",
            "proceedsFromSaleOfTreasuryStock": "None",
            "changeInCashAndCashEquivalents": "69349000",
            "changeInExchangeRate": "None",
            "netIncome": "52681000"
        },
        {
            "fiscalDateEnding": "2020-12-31",
            "reportedCurrency": "USD",
            "operatingCashflow": "-22262000",
            "paymentsForOperatingActivities": "15073000",
            "proceedsFromOperatingActivities": "None",
            "changeInOperatingLiabilities": "None",
            "changeInOperatingAssets": "23428000",
            "depreciationDepletionAndAmortization": "7977000",
            "capitalExpenditures": "3811000",
            "changeInReceivables": "2113000",
            "changeInInventory": "None",
            "profitLoss": "44675000",
            "cashflowFromInvestment": "-538380000",
            "cashflowFromFinancing": "589598000",
            "proceedsFromRepaymentsOfShortTermDebt": "None",
            "paymentsForRepurchaseOfCommonStock": "482000",
            "paymentsForRepurchaseOfEquity": "482000",
            "paymentsForRepurchaseOfPreferredStock": "None",
            "dividendPayout": "10387000",
            "dividendPayoutCommonStock": "10387000",
            "dividendPayoutPreferredStock": "None",
            "proceedsFromIssuanceOfCommonStock": "None",
            "proceedsFromIssuanceOfLongTermDebtAndCapitalSecuritiesNet": "271000",
            "proceedsFromIssuanceOfPreferredStock": "None",
            "proceedsFromRepurchaseOfEquity": "-482000",
            "proceedsFromSaleOfTreasuryStock": "None",
            "changeInCashAndCashEquivalents": "28956000",
            "changeInExchangeRate": "None",
            "netIncome": "44675000"
        },
        {
            "fiscalDateEnding": "2019-12-31",
            "reportedCurrency": "USD",
            "operatingCashflow": "19248000",
            "paymentsForOperatingActivities": "20807000",
            "proceedsFromOperatingActivities": "None",
            "changeInOperatingLiabilities": "None",
            "changeInOperatingAssets": "40512000",
            "depreciationDepletionAndAmortization": "7797000",
            "capitalExpenditures": "2901000",
            "changeInReceivables": "12202000",
            "changeInInventory": "None",
            "profitLoss": "29540000",
            "cashflowFromInvestment": "-65594000",
            "cashflowFromFinancing": "149701000",
            "proceedsFromRepaymentsOfShortTermDebt": "-93460000",
            "paymentsForRepurchaseOfCommonStock": "1948000",
            "paymentsForRepurchaseOfEquity": "1948000",
            "paymentsForRepurchaseOfPreferredStock": "None",
            "dividendPayout": "8909000",
            "dividendPayoutCommonStock": "8909000",
            "dividendPayoutPreferredStock": "None",
            "proceedsFromIssuanceOfCommonStock": "None",
            "proceedsFromIssuanceOfLongTermDebtAndCapitalSecuritiesNet": "498000",
            "proceedsFromIssuanceOfPreferredStock": "None",
            "proceedsFromRepurchaseOfEquity": "60856000",
            "proceedsFromSaleOfTreasuryStock": "None",
            "changeInCashAndCashEquivalents": "103355000",
            "changeInExchangeRate": "None",
            "netIncome": "29540000"
        }
    ],
    "quarterlyReports": [
        {
            "fiscalDateEnding": "2021-12-31",
            "reportedCurrency": "USD",
            "operatingCashflow": "31376000",
            "paymentsForOperatingActivities": "1431000",
            "proceedsFromOperatingActivities": "None",
            "changeInOperatingLiabilities": "None",
            "changeInOperatingAssets": "-16750000",
            "depreciationDepletionAndAmortization": "4709000",
            "capitalExpenditures": "861000",
            "changeInReceivables": "-299000",
            "changeInInventory": "None",
            "profitLoss": "12705000",
            "cashflowFromInvestment": "-152956000",
            "cashflowFromFinancing": "204437000",
            "proceedsFromRepaymentsOfShortTermDebt": "0",
            "paymentsForRepurchaseOfCommonStock": "191000",
            "paymentsForRepurchaseOfEquity": "191000",
            "paymentsForRepurchaseOfPreferredStock": "None",
            "dividendPayout": "2776000",
            "dividendPayoutCommonStock": "2776000",
            "dividendPayoutPreferredStock": "None",
            "proceedsFromIssuanceOfCommonStock": "None",
            "proceedsFromIssuanceOfLongTermDebtAndCapitalSecuritiesNet": "132000",
            "proceedsFromIssuanceOfPreferredStock": "None",
            "proceedsFromRepurchaseOfEquity": "-191000",
            "proceedsFromSaleOfTreasuryStock": "None",
            "changeInCashAndCashEquivalents": "82857000",
            "changeInExchangeRate": "None",
            "netIncome": "12705000"
        },
        {
            "fiscalDateEnding": "2021-09-30",
            "reportedCurrency": "USD",
            "operatingCashflow": "33416000",
            "paymentsForOperatingActivities": "411000",
            "proceedsFromOperatingActivities": "None",
            "changeInOperatingLiabilities": "None",
            "changeInOperatingAssets": "-22077000",
            "depreciationDepletionAndAmortization": "1117000",
            "capitalExpenditures": "416000",
            "changeInReceivables": "373000",
            "changeInInventory": "None",
            "profitLoss": "13067000",
            "cashflowFromInvestment": "-188632000",
            "cashflowFromFinancing": "-760000",
            "proceedsFromRepaymentsOfShortTermDebt": "0",
            "paymentsForRepurchaseOfCommonStock": "75000",
            "paymentsForRepurchaseOfEquity": "75000",
            "paymentsForRepurchaseOfPreferredStock": "None",
            "dividendPayout": "2776000",
            "dividendPayoutCommonStock": "2776000",
            "dividendPayoutPreferredStock": "None",
            "proceedsFromIssuanceOfCommonStock": "None",
            "proceedsFromIssuanceOfLongTermDebtAndCapitalSecuritiesNet": "0",
            "proceedsFromIssuanceOfPreferredStock": "None",
            "proceedsFromRepurchaseOfEquity": "-75000",
            "proceedsFromSaleOfTreasuryStock": "None",
            "changeInCashAndCashEquivalents": "13004000",
            "changeInExchangeRate": "None",
            "netIncome": "13067000"
        },
        {
            "fiscalDateEnding": "2021-06-30",
            "reportedCurrency": "USD",
            "operatingCashflow": "29483000",
            "paymentsForOperatingActivities": "474000",
            "proceedsFromOperatingActivities": "None",
            "changeInOperatingLiabilities": "None",
            "changeInOperatingAssets": "-22116000",
            "depreciationDepletionAndAmortization": "1129000",
            "capitalExpenditures": "152000",
            "changeInReceivables": "-808000",
            "changeInInventory": "None",
            "profitLoss": "11694000",
            "cashflowFromInvestment": "105016000",
            "cashflowFromFinancing": "-9286000",
            "proceedsFromRepaymentsOfShortTermDebt": "0",
            "paymentsForRepurchaseOfCommonStock": "0",
            "paymentsForRepurchaseOfEquity": "0",
            "paymentsForRepurchaseOfPreferredStock": "None",
            "dividendPayout": "2597000",
            "dividendPayoutCommonStock": "2597000",
            "dividendPayoutPreferredStock": "None",
            "proceedsFromIssuanceOfCommonStock": "None",
            "proceedsFromIssuanceOfLongTermDebtAndCapitalSecuritiesNet": "0",
            "proceedsFromIssuanceOfPreferredStock": "None",
            "proceedsFromRepurchaseOfEquity": "0",
            "proceedsFromSaleOfTreasuryStock": "None",
            "changeInCashAndCashEquivalents": "11220000",
            "changeInExchangeRate": "None",
            "netIncome": "11694000"
        },
        {
            "fiscalDateEnding": "2021-03-31",
            "reportedCurrency": "USD",
            "operatingCashflow": "54841000",
            "paymentsForOperatingActivities": "1892000",
            "proceedsFromOperatingActivities": "None",
            "changeInOperatingLiabilities": "None",
            "changeInOperatingAssets": "-56164000",
            "depreciationDepletionAndAmortization": "1180000",
            "capitalExpenditures": "277000",
            "changeInReceivables": "-391000",
            "changeInInventory": "None",
            "profitLoss": "15215000",
            "cashflowFromInvestment": "-180370000",
            "cashflowFromFinancing": "142784000",
            "proceedsFromRepaymentsOfShortTermDebt": "0",
            "paymentsForRepurchaseOfCommonStock": "446000",
            "paymentsForRepurchaseOfEquity": "446000",
            "paymentsForRepurchaseOfPreferredStock": "None",
            "dividendPayout": "2602000",
            "dividendPayoutCommonStock": "2602000",
            "dividendPayoutPreferredStock": "None",
            "proceedsFromIssuanceOfCommonStock": "None",
            "proceedsFromIssuanceOfLongTermDebtAndCapitalSecuritiesNet": "50000000",
            "proceedsFromIssuanceOfPreferredStock": "None",
            "proceedsFromRepurchaseOfEquity": "-446000",
            "proceedsFromSaleOfTreasuryStock": "None",
            "changeInCashAndCashEquivalents": "17255000",
            "changeInExchangeRate": "None",
            "netIncome": "15215000"
        },
        {
            "fiscalDateEnding": "2020-12-31",
            "reportedCurrency": "USD",
            "operatingCashflow": "-2419000",
            "paymentsForOperatingActivities": "3428000",
            "proceedsFromOperatingActivities": "None",
            "changeInOperatingLiabilities": "None",
            "changeInOperatingAssets": "-8387000",
            "depreciationDepletionAndAmortization": "4919000",
            "capitalExpenditures": "1050000",
            "changeInReceivables": "465000",
            "changeInInventory": "None",
            "profitLoss": "10179000",
            "cashflowFromInvestment": "-27232000",
            "cashflowFromFinancing": "106862000",
            "proceedsFromRepaymentsOfShortTermDebt": "0",
            "paymentsForRepurchaseOfCommonStock": "110000",
            "paymentsForRepurchaseOfEquity": "110000",
            "paymentsForRepurchaseOfPreferredStock": "None",
            "dividendPayout": "2597000",
            "dividendPayoutCommonStock": "2597000",
            "dividendPayoutPreferredStock": "None",
            "proceedsFromIssuanceOfCommonStock": "None",
            "proceedsFromIssuanceOfLongTermDebtAndCapitalSecuritiesNet": "None",
            "proceedsFromIssuanceOfPreferredStock": "None",
            "proceedsFromRepurchaseOfEquity": "-110000",
            "proceedsFromSaleOfTreasuryStock": "None",
            "changeInCashAndCashEquivalents": "10179000",
            "changeInExchangeRate": "None",
            "netIncome": "10179000"
        },
        {
            "fiscalDateEnding": "2020-09-30",
            "reportedCurrency": "USD",
            "operatingCashflow": "2850000",
            "paymentsForOperatingActivities": "628000",
            "proceedsFromOperatingActivities": "None",
            "changeInOperatingLiabilities": "None",
            "changeInOperatingAssets": "-5838000",
            "depreciationDepletionAndAmortization": "1019000",
            "capitalExpenditures": "763000",
            "changeInReceivables": "1224000",
            "changeInInventory": "None",
            "profitLoss": "17659000",
            "cashflowFromInvestment": "-124065000",
            "cashflowFromFinancing": "6529000",
            "proceedsFromRepaymentsOfShortTermDebt": "0",
            "paymentsForRepurchaseOfCommonStock": "36000",
            "paymentsForRepurchaseOfEquity": "36000",
            "paymentsForRepurchaseOfPreferredStock": "None",
            "dividendPayout": "2599000",
            "dividendPayoutCommonStock": "2599000",
            "dividendPayoutPreferredStock": "None",
            "proceedsFromIssuanceOfCommonStock": "None",
            "proceedsFromIssuanceOfLongTermDebtAndCapitalSecuritiesNet": "None",
            "proceedsFromIssuanceOfPreferredStock": "None",
            "proceedsFromRepurchaseOfEquity": "-36000",
            "proceedsFromSaleOfTreasuryStock": "None",
            "changeInCashAndCashEquivalents": "52156000",
            "changeInExchangeRate": "None",
            "netIncome": "17659000"
        },
        {
            "fiscalDateEnding": "2020-06-30",
            "reportedCurrency": "USD",
            "operatingCashflow": "-1527000",
            "paymentsForOperatingActivities": "561000",
            "proceedsFromOperatingActivities": "None",
            "changeInOperatingLiabilities": "None",
            "changeInOperatingAssets": "8329000",
            "depreciationDepletionAndAmortization": "1020000",
            "capitalExpenditures": "1309000",
            "changeInReceivables": "550000",
            "changeInInventory": "None",
            "profitLoss": "11474000",
            "cashflowFromInvestment": "-315516000",
            "cashflowFromFinancing": "328991000",
            "proceedsFromRepaymentsOfShortTermDebt": "0",
            "paymentsForRepurchaseOfCommonStock": "0",
            "paymentsForRepurchaseOfEquity": "0",
            "paymentsForRepurchaseOfPreferredStock": "None",
            "dividendPayout": "2596000",
            "dividendPayoutCommonStock": "2596000",
            "dividendPayoutPreferredStock": "None",
            "proceedsFromIssuanceOfCommonStock": "None",
            "proceedsFromIssuanceOfLongTermDebtAndCapitalSecuritiesNet": "None",
            "proceedsFromIssuanceOfPreferredStock": "None",
            "proceedsFromRepurchaseOfEquity": "0",
            "proceedsFromSaleOfTreasuryStock": "None",
            "changeInCashAndCashEquivalents": "46418000",
            "changeInExchangeRate": "None",
            "netIncome": "11474000"
        },
        {
            "fiscalDateEnding": "2020-03-31",
            "reportedCurrency": "USD",
            "operatingCashflow": "-21166000",
            "paymentsForOperatingActivities": "4746000",
            "proceedsFromOperatingActivities": "None",
            "changeInOperatingLiabilities": "None",
            "changeInOperatingAssets": "29324000",
            "depreciationDepletionAndAmortization": "1019000",
            "capitalExpenditures": "689000",
            "changeInReceivables": "-126000",
            "changeInInventory": "None",
            "profitLoss": "5363000",
            "cashflowFromInvestment": "-71567000",
            "cashflowFromFinancing": "147216000",
            "proceedsFromRepaymentsOfShortTermDebt": "0",
            "paymentsForRepurchaseOfCommonStock": "336000",
            "paymentsForRepurchaseOfEquity": "336000",
            "paymentsForRepurchaseOfPreferredStock": "None",
            "dividendPayout": "2595000",
            "dividendPayoutCommonStock": "2595000",
            "dividendPayoutPreferredStock": "None",
            "proceedsFromIssuanceOfCommonStock": "None",
            "proceedsFromIssuanceOfLongTermDebtAndCapitalSecuritiesNet": "None",
            "proceedsFromIssuanceOfPreferredStock": "None",
            "proceedsFromRepurchaseOfEquity": "-336000",
            "proceedsFromSaleOfTreasuryStock": "None",
            "changeInCashAndCashEquivalents": "54483000",
            "changeInExchangeRate": "None",
            "netIncome": "5363000"
        },
        {
            "fiscalDateEnding": "2019-12-31",
            "reportedCurrency": "USD",
            "operatingCashflow": "17316000",
            "paymentsForOperatingActivities": "5871000",
            "proceedsFromOperatingActivities": "None",
            "changeInOperatingLiabilities": "None",
            "changeInOperatingAssets": "-6046000",
            "depreciationDepletionAndAmortization": "4619000",
            "capitalExpenditures": "451000",
            "changeInReceivables": "12353000",
            "changeInInventory": "None",
            "profitLoss": "7652000",
            "cashflowFromInvestment": "-70040000",
            "cashflowFromFinancing": "135556000",
            "proceedsFromRepaymentsOfShortTermDebt": "0",
            "paymentsForRepurchaseOfCommonStock": "1000",
            "paymentsForRepurchaseOfEquity": "1000",
            "paymentsForRepurchaseOfPreferredStock": "None",
            "dividendPayout": "2597000",
            "dividendPayoutCommonStock": "2597000",
            "dividendPayoutPreferredStock": "None",
            "proceedsFromIssuanceOfCommonStock": "None",
            "proceedsFromIssuanceOfLongTermDebtAndCapitalSecuritiesNet": "None",
            "proceedsFromIssuanceOfPreferredStock": "None",
            "proceedsFromRepurchaseOfEquity": "-1000",
            "proceedsFromSaleOfTreasuryStock": "None",
            "changeInCashAndCashEquivalents": "7652000",
            "changeInExchangeRate": "None",
            "netIncome": "7652000"
        },
        {
            "fiscalDateEnding": "2019-09-30",
            "reportedCurrency": "USD",
            "operatingCashflow": "14338000",
            "paymentsForOperatingActivities": "600000",
            "proceedsFromOperatingActivities": "None",
            "changeInOperatingLiabilities": "None",
            "changeInOperatingAssets": "None",
            "depreciationDepletionAndAmortization": "1019000",
            "capitalExpenditures": "516000",
            "changeInReceivables": "None",
            "changeInInventory": "None",
            "profitLoss": "7104000",
            "cashflowFromInvestment": "5091000",
            "cashflowFromFinancing": "-3175000",
            "proceedsFromRepaymentsOfShortTermDebt": "-141445000",
            "paymentsForRepurchaseOfCommonStock": "1841000",
            "paymentsForRepurchaseOfEquity": "None",
            "paymentsForRepurchaseOfPreferredStock": "None",
            "dividendPayout": "2364000",
            "dividendPayoutCommonStock": "2364000",
            "dividendPayoutPreferredStock": "None",
            "proceedsFromIssuanceOfCommonStock": "None",
            "proceedsFromIssuanceOfLongTermDebtAndCapitalSecuritiesNet": "None",
            "proceedsFromIssuanceOfPreferredStock": "None",
            "proceedsFromRepurchaseOfEquity": "-1841000",
            "proceedsFromSaleOfTreasuryStock": "None",
            "changeInCashAndCashEquivalents": "17438000",
            "changeInExchangeRate": "None",
            "netIncome": "7104000"
        },
        {
            "fiscalDateEnding": "2019-06-30",
            "reportedCurrency": "USD",
            "operatingCashflow": "-11007000",
            "paymentsForOperatingActivities": "None",
            "proceedsFromOperatingActivities": "None",
            "changeInOperatingLiabilities": "None",
            "changeInOperatingAssets": "None",
            "depreciationDepletionAndAmortization": "2154000",
            "capitalExpenditures": "568000",
            "changeInReceivables": "None",
            "changeInInventory": "None",
            "profitLoss": "8348000",
            "cashflowFromInvestment": "13443000",
            "cashflowFromFinancing": "-2364000",
            "proceedsFromRepaymentsOfShortTermDebt": "129395000",
            "paymentsForRepurchaseOfCommonStock": "17000",
            "paymentsForRepurchaseOfEquity": "None",
            "paymentsForRepurchaseOfPreferredStock": "None",
            "dividendPayout": "1975000",
            "dividendPayoutCommonStock": "1975000",
            "dividendPayoutPreferredStock": "None",
            "proceedsFromIssuanceOfCommonStock": "None",
            "proceedsFromIssuanceOfLongTermDebtAndCapitalSecuritiesNet": "None",
            "proceedsFromIssuanceOfPreferredStock": "None",
            "proceedsFromRepurchaseOfEquity": "-17000",
            "proceedsFromSaleOfTreasuryStock": "None",
            "changeInCashAndCashEquivalents": "None",
            "changeInExchangeRate": "None",
            "netIncome": "8348000"
        },
        {
            "fiscalDateEnding": "2019-03-31",
            "reportedCurrency": "USD",
            "operatingCashflow": "-1399000",
            "paymentsForOperatingActivities": "None",
            "proceedsFromOperatingActivities": "None",
            "changeInOperatingLiabilities": "None",
            "changeInOperatingAssets": "None",
            "depreciationDepletionAndAmortization": "2060000",
            "capitalExpenditures": "254000",
            "changeInReceivables": "None",
            "changeInInventory": "None",
            "profitLoss": "6436000",
            "cashflowFromInvestment": "-14088000",
            "cashflowFromFinancing": "19684000",
            "proceedsFromRepaymentsOfShortTermDebt": "-81410000",
            "paymentsForRepurchaseOfCommonStock": "89000",
            "paymentsForRepurchaseOfEquity": "None",
            "paymentsForRepurchaseOfPreferredStock": "None",
            "dividendPayout": "1973000",
            "dividendPayoutCommonStock": "1973000",
            "dividendPayoutPreferredStock": "None",
            "proceedsFromIssuanceOfCommonStock": "None",
            "proceedsFromIssuanceOfLongTermDebtAndCapitalSecuritiesNet": "None",
            "proceedsFromIssuanceOfPreferredStock": "None",
            "proceedsFromRepurchaseOfEquity": "-89000",
            "proceedsFromSaleOfTreasuryStock": "None",
            "changeInCashAndCashEquivalents": "None",
            "changeInExchangeRate": "None",
            "netIncome": "6436000"
        },
        {
            "fiscalDateEnding": "2018-12-31",
            "reportedCurrency": "USD",
            "operatingCashflow": "26204000",
            "paymentsForOperatingActivities": "None",
            "proceedsFromOperatingActivities": "None",
            "changeInOperatingLiabilities": "None",
            "changeInOperatingAssets": "None",
            "depreciationDepletionAndAmortization": "2138000",
            "capitalExpenditures": "209000",
            "changeInReceivables": "None",
            "changeInInventory": "None",
            "profitLoss": "6033000",
            "cashflowFromInvestment": "-20397000",
            "cashflowFromFinancing": "-993000",
            "proceedsFromRepaymentsOfShortTermDebt": "19530000",
            "paymentsForRepurchaseOfCommonStock": "94000",
            "paymentsForRepurchaseOfEquity": "None",
            "paymentsForRepurchaseOfPreferredStock": "None",
            "dividendPayout": "1970000",
            "dividendPayoutCommonStock": "1970000",
            "dividendPayoutPreferredStock": "None",
            "proceedsFromIssuanceOfCommonStock": "None",
            "proceedsFromIssuanceOfLongTermDebtAndCapitalSecuritiesNet": "None",
            "proceedsFromIssuanceOfPreferredStock": "None",
            "proceedsFromRepurchaseOfEquity": "-94000",
            "proceedsFromSaleOfTreasuryStock": "None",
            "changeInCashAndCashEquivalents": "None",
            "changeInExchangeRate": "None",
            "netIncome": "6033000"
        }
    ]
}

INCOME_STATEMENT

{
    "symbol": "ALRS",
    "annualReports": [
        {
            "fiscalDateEnding": "2021-12-31",
            "reportedCurrency": "USD",
            "grossProfit": "72805000",
            "totalRevenue": "238214000",
            "costOfRevenue": "165409000",
            "costofGoodsAndServicesSold": "None",
            "operatingIncome": "48622000",
            "sellingGeneralAndAdministrative": "15377000",
            "researchAndDevelopment": "None",
            "operatingExpenses": "24183000",
            "investmentIncomeNet": "None",
            "netInterestIncome": "87099000",
            "interestIncome": "92657000",
            "interestExpense": "5558000",
            "nonInterestIncome": "147387000",
            "otherNonOperatingIncome": "None",
            "depreciation": "3600000",
            "depreciationAndAmortization": "8868000",
            "incomeBeforeTax": "69077000",
            "incomeTaxExpense": "16396000",
            "interestAndDebtExpense": "5558000",
            "netIncomeFromContinuingOperations": "52681000",
            "comprehensiveIncomeNetOfTax": "37788000",
            "ebit": "74635000",
            "ebitda": "83503000",
            "netIncome": "52681000"
        },
        {
            "fiscalDateEnding": "2020-12-31",
            "reportedCurrency": "USD",
            "grossProfit": "47846000",
            "totalRevenue": "222545000",
            "costOfRevenue": "174699000",
            "costofGoodsAndServicesSold": "None",
            "operatingIncome": "27828000",
            "sellingGeneralAndAdministrative": "10361000",
            "researchAndDevelopment": "None",
            "operatingExpenses": "20018000",
            "investmentIncomeNet": "None",
            "netInterestIncome": "83846000",
            "interestIncome": "96102000",
            "interestExpense": "12256000",
            "nonInterestIncome": "149371000",
            "otherNonOperatingIncome": "None",
            "depreciation": "3900000",
            "depreciationAndAmortization": "8950000",
            "incomeBeforeTax": "58518000",
            "incomeTaxExpense": "13843000",
            "interestAndDebtExpense": "12256000",
            "netIncomeFromContinuingOperations": "44675000",
            "comprehensiveIncomeNetOfTax": "53377000",
            "ebit": "70774000",
            "ebitda": "79724000",
            "netIncome": "44675000"
        },
        {
            "fiscalDateEnding": "2019-12-31",
            "reportedCurrency": "USD",
            "grossProfit": "31854000",
            "totalRevenue": "181703000",
            "costOfRevenue": "149849000",
            "costofGoodsAndServicesSold": "None",
            "operatingIncome": "11945000",
            "sellingGeneralAndAdministrative": "11682000",
            "researchAndDevelopment": "None",
            "operatingExpenses": "19909000",
            "investmentIncomeNet": "None",
            "netInterestIncome": "74551000",
            "interestIncome": "93300000",
            "interestExpense": "18749000",
            "nonInterestIncome": "114194000",
            "otherNonOperatingIncome": "None",
            "depreciation": "3600000",
            "depreciationAndAmortization": "8768000",
            "incomeBeforeTax": "38896000",
            "incomeTaxExpense": "9356000",
            "interestAndDebtExpense": "18749000",
            "netIncomeFromContinuingOperations": "29540000",
            "comprehensiveIncomeNetOfTax": "35077000",
            "ebit": "57645000",
            "ebitda": "66413000",
            "netIncome": "29540000"
        }
    ],
    "quarterlyReports": [
        {
            "fiscalDateEnding": "2021-12-31",
            "reportedCurrency": "USD",
            "grossProfit": "18296000",
            "totalRevenue": "58072000",
            "costOfRevenue": "39776000",
            "costofGoodsAndServicesSold": "None",
            "operatingIncome": "11190000",
            "sellingGeneralAndAdministrative": "4964000",
            "researchAndDevelopment": "None",
            "operatingExpenses": "7106000",
            "investmentIncomeNet": "None",
            "netInterestIncome": "22789000",
            "interestIncome": "24205000",
            "interestExpense": "1416000",
            "nonInterestIncome": "33718000",
            "otherNonOperatingIncome": "None",
            "depreciation": "None",
            "depreciationAndAmortization": "2142000",
            "incomeBeforeTax": "16731000",
            "incomeTaxExpense": "4026000",
            "interestAndDebtExpense": "1416000",
            "netIncomeFromContinuingOperations": "12705000",
            "comprehensiveIncomeNetOfTax": "7884000",
            "ebit": "18147000",
            "ebitda": "20289000",
            "netIncome": "12705000"
        },
        {
            "fiscalDateEnding": "2021-09-30",
            "reportedCurrency": "USD",
            "grossProfit": "19182000",
            "totalRevenue": "59223000",
            "costOfRevenue": "40041000",
            "costofGoodsAndServicesSold": "None",
            "operatingIncome": "14429000",
            "sellingGeneralAndAdministrative": "3636000",
            "researchAndDevelopment": "None",
            "operatingExpenses": "4753000",
            "investmentIncomeNet": "None",
            "netInterestIncome": "21132000",
            "interestIncome": "22547000",
            "interestExpense": "1415000",
            "nonInterestIncome": "36040000",
            "otherNonOperatingIncome": "None",
            "depreciation": "None",
            "depreciationAndAmortization": "2171000",
            "incomeBeforeTax": "17131000",
            "incomeTaxExpense": "4064000",
            "interestAndDebtExpense": "1415000",
            "netIncomeFromContinuingOperations": "13067000",
            "comprehensiveIncomeNetOfTax": "11110000",
            "ebit": "18546000",
            "ebitda": "20717000",
            "netIncome": "13067000"
        },
        {
            "fiscalDateEnding": "2021-06-30",
            "reportedCurrency": "USD",
            "grossProfit": "15390000",
            "totalRevenue": "57940000",
            "costOfRevenue": "42550000",
            "costofGoodsAndServicesSold": "None",
            "operatingIncome": "10683000",
            "sellingGeneralAndAdministrative": "3578000",
            "researchAndDevelopment": "None",
            "operatingExpenses": "4707000",
            "investmentIncomeNet": "None",
            "netInterestIncome": "21140000",
            "interestIncome": "22584000",
            "interestExpense": "1444000",
            "nonInterestIncome": "36748000",
            "otherNonOperatingIncome": "None",
            "depreciation": "None",
            "depreciationAndAmortization": "2210000",
            "incomeBeforeTax": "15338000",
            "incomeTaxExpense": "3644000",
            "interestAndDebtExpense": "1444000",
            "netIncomeFromContinuingOperations": "11694000",
            "comprehensiveIncomeNetOfTax": "17173000",
            "ebit": "16782000",
            "ebitda": "18992000",
            "netIncome": "11694000"
        },
        {
            "fiscalDateEnding": "2021-03-31",
            "reportedCurrency": "USD",
            "grossProfit": "19937000",
            "totalRevenue": "62979000",
            "costOfRevenue": "43042000",
            "costofGoodsAndServicesSold": "None",
            "operatingIncome": "14416000",
            "sellingGeneralAndAdministrative": "3203000",
            "researchAndDevelopment": "None",
            "operatingExpenses": "5521000",
            "investmentIncomeNet": "None",
            "netInterestIncome": "22038000",
            "interestIncome": "23321000",
            "interestExpense": "1283000",
            "nonInterestIncome": "40881000",
            "otherNonOperatingIncome": "None",
            "depreciation": "None",
            "depreciationAndAmortization": "2345000",
            "incomeBeforeTax": "19877000",
            "incomeTaxExpense": "4662000",
            "interestAndDebtExpense": "1283000",
            "netIncomeFromContinuingOperations": "15215000",
            "comprehensiveIncomeNetOfTax": "1621000",
            "ebit": "21160000",
            "ebitda": "23505000",
            "netIncome": "15215000"
        },
        {
            "fiscalDateEnding": "2020-12-31",
            "reportedCurrency": "USD",
            "grossProfit": "11923000",
            "totalRevenue": "60449000",
            "costOfRevenue": "48526000",
            "costofGoodsAndServicesSold": "None",
            "operatingIncome": "11923000",
            "sellingGeneralAndAdministrative": "1779000",
            "researchAndDevelopment": "None",
            "operatingExpenses": "4779000",
            "investmentIncomeNet": "None",
            "netInterestIncome": "23153000",
            "interestIncome": "25201000",
            "interestExpense": "2048000",
            "nonInterestIncome": "38696000",
            "otherNonOperatingIncome": "None",
            "depreciation": "None",
            "depreciationAndAmortization": "2293000",
            "incomeBeforeTax": "13323000",
            "incomeTaxExpense": "3144000",
            "interestAndDebtExpense": "2048000",
            "netIncomeFromContinuingOperations": "10179000",
            "comprehensiveIncomeNetOfTax": "10274000",
            "ebit": "15371000",
            "ebitda": "17664000",
            "netIncome": "10179000"
        },
        {
            "fiscalDateEnding": "2020-09-30",
            "reportedCurrency": "USD",
            "grossProfit": "19864000",
            "totalRevenue": "63578000",
            "costOfRevenue": "43714000",
            "costofGoodsAndServicesSold": "None",
            "operatingIncome": "16137000",
            "sellingGeneralAndAdministrative": "2708000",
            "researchAndDevelopment": "None",
            "operatingExpenses": "3727000",
            "investmentIncomeNet": "None",
            "netInterestIncome": "21765000",
            "interestIncome": "24289000",
            "interestExpense": "2524000",
            "nonInterestIncome": "45256000",
            "otherNonOperatingIncome": "None",
            "depreciation": "None",
            "depreciationAndAmortization": "2275000",
            "incomeBeforeTax": "23307000",
            "incomeTaxExpense": "5648000",
            "interestAndDebtExpense": "2524000",
            "netIncomeFromContinuingOperations": "17659000",
            "comprehensiveIncomeNetOfTax": "18431000",
            "ebit": "25831000",
            "ebitda": "28106000",
            "netIncome": "17659000"
        },
        {
            "fiscalDateEnding": "2020-06-30",
            "reportedCurrency": "USD",
            "grossProfit": "11639000",
            "totalRevenue": "54873000",
            "costOfRevenue": "43234000",
            "costofGoodsAndServicesSold": "None",
            "operatingIncome": "7560000",
            "sellingGeneralAndAdministrative": "3059000",
            "researchAndDevelopment": "None",
            "operatingExpenses": "4079000",
            "investmentIncomeNet": "None",
            "netInterestIncome": "20091000",
            "interestIncome": "23506000",
            "interestExpense": "3415000",
            "nonInterestIncome": "38230000",
            "otherNonOperatingIncome": "None",
            "depreciation": "None",
            "depreciationAndAmortization": "2215000",
            "incomeBeforeTax": "15087000",
            "incomeTaxExpense": "3613000",
            "interestAndDebtExpense": "3415000",
            "netIncomeFromContinuingOperations": "11474000",
            "comprehensiveIncomeNetOfTax": "14096000",
            "ebit": "18502000",
            "ebitda": "20717000",
            "netIncome": "11474000"
        },
        {
            "fiscalDateEnding": "2020-03-31",
            "reportedCurrency": "USD",
            "grossProfit": "4366000",
            "totalRevenue": "43592000",
            "costOfRevenue": "39226000",
            "costofGoodsAndServicesSold": "None",
            "operatingIncome": "-576000",
            "sellingGeneralAndAdministrative": "2867000",
            "researchAndDevelopment": "None",
            "operatingExpenses": "4942000",
            "investmentIncomeNet": "None",
            "netInterestIncome": "18837000",
            "interestIncome": "23106000",
            "interestExpense": "4269000",
            "nonInterestIncome": "27189000",
            "otherNonOperatingIncome": "None",
            "depreciation": "None",
            "depreciationAndAmortization": "2167000",
            "incomeBeforeTax": "6800000",
            "incomeTaxExpense": "1437000",
            "interestAndDebtExpense": "4269000",
            "netIncomeFromContinuingOperations": "5363000",
            "comprehensiveIncomeNetOfTax": "10576000",
            "ebit": "11069000",
            "ebitda": "13236000",
            "netIncome": "5363000"
        },
        {
            "fiscalDateEnding": "2019-12-31",
            "reportedCurrency": "USD",
            "grossProfit": "7986000",
            "totalRevenue": "46218000",
            "costOfRevenue": "38232000",
            "costofGoodsAndServicesSold": "None",
            "operatingIncome": "7986000",
            "sellingGeneralAndAdministrative": "3150000",
            "researchAndDevelopment": "None",
            "operatingExpenses": "5415000",
            "investmentIncomeNet": "None",
            "netInterestIncome": "18459000",
            "interestIncome": "22887000",
            "interestExpense": "4428000",
            "nonInterestIncome": "29556000",
            "otherNonOperatingIncome": "None",
            "depreciation": "None",
            "depreciationAndAmortization": "2268000",
            "incomeBeforeTax": "9783000",
            "incomeTaxExpense": "2131000",
            "interestAndDebtExpense": "4428000",
            "netIncomeFromContinuingOperations": "7652000",
            "comprehensiveIncomeNetOfTax": "6503000",
            "ebit": "14211000",
            "ebitda": "16479000",
            "netIncome": "7652000"
        },
        {
            "fiscalDateEnding": "2019-09-30",
            "reportedCurrency": "USD",
            "grossProfit": "8003000",
            "totalRevenue": "46828000",
            "costOfRevenue": "38825000",
            "costofGoodsAndServicesSold": "None",
            "operatingIncome": "3977000",
            "sellingGeneralAndAdministrative": "3007000",
            "researchAndDevelopment": "None",
            "operatingExpenses": "4026000",
            "investmentIncomeNet": "None",
            "netInterestIncome": "18681000",
            "interestIncome": "23625000",
            "interestExpense": "4944000",
            "nonInterestIncome": "29580000",
            "otherNonOperatingIncome": "None",
            "depreciation": "None",
            "depreciationAndAmortization": "2292000",
            "incomeBeforeTax": "9436000",
            "incomeTaxExpense": "2332000",
            "interestAndDebtExpense": "4944000",
            "netIncomeFromContinuingOperations": "7104000",
            "comprehensiveIncomeNetOfTax": "8704000",
            "ebit": "14380000",
            "ebitda": "16672000",
            "netIncome": "7104000"
        },
        {
            "fiscalDateEnding": "2019-06-30",
            "reportedCurrency": "USD",
            "grossProfit": "46478000",
            "totalRevenue": "48275000",
            "costOfRevenue": "None",
            "costofGoodsAndServicesSold": "None",
            "operatingIncome": "12268000",
            "sellingGeneralAndAdministrative": "27325000",
            "researchAndDevelopment": "None",
            "operatingExpenses": "34210000",
            "investmentIncomeNet": "None",
            "netInterestIncome": "18291000",
            "interestIncome": "23478000",
            "interestExpense": "5187000",
            "nonInterestIncome": "29984000",
            "otherNonOperatingIncome": "None",
            "depreciation": "None",
            "depreciationAndAmortization": "2154000",
            "incomeBeforeTax": "11217000",
            "incomeTaxExpense": "2869000",
            "interestAndDebtExpense": "None",
            "netIncomeFromContinuingOperations": "8348000",
            "comprehensiveIncomeNetOfTax": "11159000",
            "ebit": "16404000",
            "ebitda": "18558000",
            "netIncome": "8348000"
        },
        {
            "fiscalDateEnding": "2019-03-31",
            "reportedCurrency": "USD",
            "grossProfit": "41974000",
            "totalRevenue": "43748000",
            "costOfRevenue": "None",
            "costofGoodsAndServicesSold": "None",
            "operatingIncome": "9510000",
            "sellingGeneralAndAdministrative": "27274000",
            "researchAndDevelopment": "None",
            "operatingExpenses": "32464000",
            "investmentIncomeNet": "None",
            "netInterestIncome": "19120000",
            "interestIncome": "23310000",
            "interestExpense": "4190000",
            "nonInterestIncome": "25074000",
            "otherNonOperatingIncome": "None",
            "depreciation": "None",
            "depreciationAndAmortization": "2054000",
            "incomeBeforeTax": "8460000",
            "incomeTaxExpense": "2024000",
            "interestAndDebtExpense": "None",
            "netIncomeFromContinuingOperations": "6436000",
            "comprehensiveIncomeNetOfTax": "8711000",
            "ebit": "12650000",
            "ebitda": "14704000",
            "netIncome": "6436000"
        },
        {
            "fiscalDateEnding": "2018-12-31",
            "reportedCurrency": "USD",
            "grossProfit": "43861000",
            "totalRevenue": "44838000",
            "costOfRevenue": "None",
            "costofGoodsAndServicesSold": "None",
            "operatingIncome": "9303000",
            "sellingGeneralAndAdministrative": "28135000",
            "researchAndDevelopment": "None",
            "operatingExpenses": "34558000",
            "investmentIncomeNet": "None",
            "netInterestIncome": "19253000",
            "interestIncome": "23231000",
            "interestExpense": "3978000",
            "nonInterestIncome": "26141000",
            "otherNonOperatingIncome": "None",
            "depreciation": "None",
            "depreciationAndAmortization": "2138000",
            "incomeBeforeTax": "7953000",
            "incomeTaxExpense": "1920000",
            "interestAndDebtExpense": "None",
            "netIncomeFromContinuingOperations": "6033000",
            "comprehensiveIncomeNetOfTax": "8071000",
            "ebit": "11931000",
            "ebitda": "14069000",
            "netIncome": "6033000"
        },
        {
            "fiscalDateEnding": "2018-09-30",
            "reportedCurrency": "USD",
            "grossProfit": "43660000",
            "totalRevenue": "44753000",
            "costOfRevenue": "None",
            "costofGoodsAndServicesSold": "None",
            "operatingIncome": "10517500",
            "sellingGeneralAndAdministrative": "26911000",
            "researchAndDevelopment": "None",
            "operatingExpenses": "33142500",
            "investmentIncomeNet": "None",
            "netInterestIncome": "18929000",
            "interestIncome": "22197000",
            "interestExpense": "3268000",
            "nonInterestIncome": "26258000",
            "otherNonOperatingIncome": "None",
            "depreciation": "None",
            "depreciationAndAmortization": "None",
            "incomeBeforeTax": "9321000",
            "incomeTaxExpense": "1951000",
            "interestAndDebtExpense": "None",
            "netIncomeFromContinuingOperations": "7370000",
            "comprehensiveIncomeNetOfTax": "6348000",
            "ebit": "12589000",
            "ebitda": "None",
            "netIncome": "7370000"
        },
        {
            "fiscalDateEnding": "2018-06-30",
            "reportedCurrency": "USD",
            "grossProfit": "40974000",
            "totalRevenue": "44308000",
            "costOfRevenue": "None",
            "costofGoodsAndServicesSold": "None",
            "operatingIncome": "8362000",
            "sellingGeneralAndAdministrative": "26084000",
            "researchAndDevelopment": "None",
            "operatingExpenses": "32612000",
            "investmentIncomeNet": "None",
            "netInterestIncome": "18900000",
            "interestIncome": "21816000",
            "interestExpense": "2916000",
            "nonInterestIncome": "26094000",
            "otherNonOperatingIncome": "None",
            "depreciation": "None",
            "depreciationAndAmortization": "None",
            "incomeBeforeTax": "7166000",
            "incomeTaxExpense": "1567000",
            "interestAndDebtExpense": "None",
            "netIncomeFromContinuingOperations": "5599000",
            "comprehensiveIncomeNetOfTax": "None",
            "ebit": "10082000",
            "ebitda": "None",
            "netIncome": "5599000"
        },
        {
            "fiscalDateEnding": "2018-03-31",
            "reportedCurrency": "USD",
            "grossProfit": "40868000",
            "totalRevenue": "41924000",
            "costOfRevenue": "3846000",
            "costofGoodsAndServicesSold": "3846000",
            "operatingIncome": "9794000",
            "sellingGeneralAndAdministrative": "25138000",
            "researchAndDevelopment": "None",
            "operatingExpenses": "31074000",
            "investmentIncomeNet": "None",
            "netInterestIncome": "18142000",
            "interestIncome": "20458000",
            "interestExpense": "2316000",
            "nonInterestIncome": "24256000",
            "otherNonOperatingIncome": "None",
            "depreciation": "None",
            "depreciationAndAmortization": "None",
            "incomeBeforeTax": "8598000",
            "incomeTaxExpense": "1734000",
            "interestAndDebtExpense": "None",
            "netIncomeFromContinuingOperations": "6864000",
            "comprehensiveIncomeNetOfTax": "None",
            "ebit": "10914000",
            "ebitda": "None",
            "netIncome": "6864000"
        }
    ]
}